2392 2956
1114 279 1144 323 ⁷

241 399 453 454 boden,
484 397 907 453 Wasserfluth,
937 397 1379 446 Fcuersbrunst
1398 395 2023 459 (nvoaeacd).observatione

240 463 325 511 vix
352 460 498 518 digna
529 459 757 507 ducimus.
820 458 916 504 Sed
948 459 1011 505 ad
1041 460 1129 505 ina
1158 460 1309 517 magis
1340 460 1529 506 attendi
1560 466 1774 519 oportet,
1806 473 1930 518 quae
1962 473 2023 503 ex

240 521 484 568 vocabulis
524 534 718 580 ptorsus
756 519 1026 585 indiscretis
1064 528 1304 577 constant3
1352 521 1484 579 cujus
1522 521 1710 580 generis
1749 521 1833 567 isti
1874 534 2022 565 unum

240 585 445 631 afferunt
493 579 852 641 ἐναροκτάντης
899 582 960 627 ab
1011 582 1250 639 Aeschylo
1299 583 1485 637 fictum,
1541 582 1636 628 duo
1681 582 1779 627 alia
1823 582 2024 641 praebet

241 645 470 691 dialectus
498 644 707 702 vulgaris
740 640 1098 704 woron'o'roc‘)
1128 651 1176 688 et
1203 644 1552 703 μορμόφοβος,
1576 643 1704 702 quod
1722 643 1922 687 Photius
1946 657 2026 687 ae-

272 706 405 754 uales
436 717 552 751 suos.
580 718 666 764 pro
695 702 1061 764 μορμολύκειον
1092 719 1320 764 usurpare
1352 704 1481 749 dicit.
1541 704 1676 750 Haec
1706 711 1866 750 autem
1899 704 2026 760 ejus-

276 782 350 814 cm
391 766 603 811 notionis
642 767 835 810 iteratio
876 766 1126 824 emphasin
1166 767 1304 811 affert
1343 766 1583 810 atrocitati
1621 767 1694 810 rei
1732 766 2025 822 significatae

241 826 662 876 accommodatam.
723 827 888 885 anue
918 828 1165 885 gravitatis
1196 828 1321 871 ratio
1352 827 1472 871 mihi
1505 840 1603 870 non
1635 826 1803 871 abesse
1834 825 2027 870 videtur

242 903 271 934 a
301 890 498 935 nomine
532 887 846 946 λυσσομανία
878 896 926 933 ct
956 887 1313 947 οἰστρσμανία,
1362 888 1536 947 quibus
1566 887 1829 946 respondet
1860 886 2026 932 dome-

241 952 408 995 sticum
440 949 759 994 Tollwuth.
821 949 913 993 Illa
946 949 1138 1007 quidem
1166 950 1378 993 novitiae
1410 956 1523 993 sunt
1538 948 1913 1002 consuetudinis,
1945 962 2027 992 ve·

241 1020 365 1057 teres
397 1017 556 1058 autem
587 1009 839 1066 disjunctis
871 1017 1070 1055 utuntur
1098 1007 1255 1056 λύσσα
1285 1009 1473 1069 μανιάς
1502 1023 1547 1054 v.
1580 1009 1640 1055 ad
1672 1008 1747 1066 Aj.
1776 1023 1822 1069 p.
1842 1011 1946 1054 194.
1979 1017 2028 1053 et

242 1072 503 1132 οῖστρῆσαι
531 1070 740 1131 μανίαις
770 1071 883 1117 Eur.
916 1071 1079 1117 Bacch.
1113 1075 1186 1117 32.
1248 1071 1388 1117 Addo
1422 1072 1567 1117 etiam
1601 1068 1843 1131 ἅσήκορος
1874 1070 1925 1115 id
1955 1079 2029 1116 est

240 1132 401 1179 taedio
433 1134 605 1187 fessus,
638 1132 879 1192 α’σηκορία
912 1146 1091 1178 nausea
1122 1141 1171 1177 et
1201 1135 1378 1179 comice
1394 1135 1552 1178 fictum
1575 1132 2028 1193 ψαμμακοσιογάρ-

240 1212 384 1257 γαρα.
445 1194 554 1240 Non
585 1194 683 1239 alia
713 1201 786 1238 est
816 1207 956 1239 causa
986 1195 1336 1252 conjunctionis
1368 1194 1620 1239 verborum
1654 1193 1891 1249 vertendi,
1925 1194 2028 1238 vol-

240 1257 409 1310 vendi,
455 1254 712 1313 torquendi
749 1255 1061 1312 tutandique,
1111 1269 1313 1313 quorum
1352 1263 1490 1313 tanta
1528 1263 1601 1299 est
1632 1257 1770 1315 copia
1798 1263 1852 1298 ut
1883 1268 2027 1313 saepe

241 1318 468 1375 gregatim
512 1330 564 1362 se
605 1317 808 1361 offerant
846 1316 1175 1373 loquentibus:
1225 1315 1484 1375 στρέφειν,
1520 1315 1709 1370 δινεῖν,
1744 1316 1911 1369 εἱλεῖν,
1944 1332 2028 1361 κυ-

240 1381 389 1423 κλεῖν.
452 1376 581 1423 Hinc
620 1384 694 1421 est
733 1376 862 1435 quod
900 1377 1163 1434 Aeschylus
1204 1376 1264 1422 de
1303 1376 1472 1422 avibus
1513 1376 1679 1422 nidum
1715 1376 1909 1422 assidue
1940 1379 2029 1421 cir—

241 1438 661 1497 cumvolitantibus
694 1437 833 1491 dixit,
866 1437 1325 1496 στροφοδινεῖσθαι
1352 1438 1443 1483 hoc
1474 1446 1548 1483 est
1577 1440 1630 1483 in
1647 1438 1812 1483 orbem
1831 1439 2029 1483 circum-

242 1501 340 1558 agi,
380 1498 623 1546 Homerus
659 1511 773 1543 vero
812 1497 872 1542 de
911 1498 1144 1558 vertigine
1177 1499 1420 1546 oculorum
1454 1497 1855 1558 στρεφεδίνηθεν
1888 1497 1949 1543 δέ
1978 1497 2029 1560 qi

242 1561 360 1608 ὄσσε
391 1561 482 1606 hoc
512 1567 606 1615 est,
653 1568 707 1604 ut
736 1560 1020 1617 Apollonius
1060 1561 1425 1619 interpretatur,
1478 1560 1755 1618 δινηθέντα
1788 1558 2027 1619 ἐστράφη,

240 1623 386 1682 idque
418 1620 705 1667 Scholiastes
734 1620 790 1665 ΙΙ.
820 1619 948 1667 XVI.
985 1623 1088 1668 ⁷92.
1121 1621 1181 1666 ad
1207 1621 1409 1670 eandem
1426 1623 1662 1667 rationem
1681 1622 2028 1680 significantiae

240 1691 456 1729 revocatz
489 1683 540 1729 ἐκ
573 1680 667 1735 δύο
702 1680 968 1738 ὀνομάτων
999 1681 1058 1727 τὸ
1091 1681 1214 1727 αὐτὰ
1247 1682 1538 1741 δηλούντων
1560 1687 1804 1742 τραχεῖαν
1822 1681 2029 1732 συνθεὶς

241 1745 332 1804 τήν
363 1742 709 1805 προςηγορίαν,
741 1741 833 1801 τήν
863 1741 992 1802 βίαν
1022 1748 1105 1802 τῆς
1132 1749 1315 1805 πληγῆς
1346 1743 1633 1802 παρίστησι.
1672 1744 1904 1790 Similiter
1940 1745 2028 1788 Jus

241 1808 403 1852 furore
426 1807 679 1864 'correptae
709 1804 1084 1863 τροχοδινεῖται
1102 1804 1286 1864 ὄμματ’
1305 1805 1508 1867 ἑλίγδην
1531 1807 1689 1850 Prom.
1706 1809 1810 1850 907.
1844 1806 2029 1859 Graeci,

243 1882 362 1927 quos
387 1868 658 1926 Ducangius
690 1866 916 1925 appellat,
949 1864 1398 1927 στρουφογυρίζειν
1430 1868 1607 1913 dicunt.
1672 1866 1790 1916 Cum
1825 1883 2030 1926 στρεφε-

242 1929 409 1975 δινεΐν
449 1927 725 1975 Eustathius
750 1929 1012 1986 'componit
1050 1926 1346 1986 ὀροθύνειν,
1396 1929 1456 1973 de
1497 1942 1600 2005 3¹¹⁰
1632 1930 1805 1974 rectius
1843 1929 2031 1986 judicat

242 1991 397 2041 schol.
439 1990 494 2034 ΙΙ.
530 1989 664 2034 XIII.
705 1991 809 2033 351.
848 1988 907 2033 τό
949 1987 1170 2049 ὀρόθυνε
1208 1987 1337 2040 τινὲς
1379 2007 1512 2049 παρα
1544 1988 1601 2034 τὸ
1634 1989 1734 2048 ὄρω
1766 1989 1852 2035 καὶ
1881 1987 2028 2035 θύνω

244 2051 313 2097 ἵν’
352 2050 383 2112 ᾗ
415 2048 773 2099 ἐνθουσιωδαῖς
807 2047 974 2109 ὥρμα·
1007 2050 1219 2110 ἄμεινον
1253 2049 1309 2096 δὲ
1341 2052 1645 2115 παράγωγον
1678 2049 1834 2105 εἶναι,
1884 2051 2029 2110 idque

243 2115 548 2158 confirmatur
585 2113 858 2156 interventu
897 2111 1032 2156 verbi
1073 2112 1133 2157 ab
1174 2112 1341 2157 eadem
1382 2114 1530 2171 stirpe
1568 2112 1697 2161 ducti
1735 2112 1896 2171 ἓρέθω
1929 2111 2031 2170 ἕρε-

242 2175 389 2228 θίζω.
450 2174 543 2218 His
575 2174 808 2228 adjiciunt
838 2173 1029 2217 tertium
1061 2171 1396 2228 δνοπαλίξειν,
1430 2173 1558 2232 quod
1575 2187 1636 2217 ex
1654 2171 1830 2218 δονεῖν
1848 2182 1894 2217 et
1911 2172 2030 2219 πᾶλ-

370 2315 439 2379 4)’
471 2314 547 2357 Sic
566 2316 689 2379 etiam
713 2319 855 2365 auctor
879 2315 1014 2377 hymni
1037 2316 1190 2380 orphici
1213 2316 1380 2379 XXJX.
1399 2319 1439 2358 6.
1463 2317 1751 2377 interpretatur
1766 2327 1912 2359 nomen
1925 2316 2030 2358 deae

196 2423 199 2425 ,
250 2367 526 2431 Φερσεφονεια
557 2381 583 2415 η
617 2378 755 2429 ’ξαντα
777 2364 901 2458 ΔΚᾱέρει
925 2381 994 2408 και
1025 2380 1179 2432 παντα,
1223 2380 1365 2414 ονευει,
1380 2367 1635 2443 'nummus
1658 2378 1760 2431 γεω
1790 2368 1881 2422 m,
1913 2369 1979 2409 60.
2004 2379 2030 2408 e

244 2419 432 2512 ffipggtc
449 2421 728 2522 ἑξνξῖιτιὲῖίἔι.
815 2417 895 2470 pud
914 2418 1160 2471 Hesychium
1213 2432 1441 2473 ναροκταντ
1454 2433 1493 2465 ις
1510 2419 1828 2474 φθογγοσκοτος
1844 2419 2031 2463 scriben-
