2410 2892
1196 94 1229 142 6

318 218 460 277 quid
500 217 850 263 fabulabor?
906 216 1060 262 Plaut.
1110 216 1210 276 Gap
1212 224 1246 262 t.
1289 214 1376 261 111.
1416 219 1463 269 4,
1510 216 1553 262 3.
1595 216 1837 277 δέρχθητ’
1877 216 2113 265 §aiom-95

319 281 476 324 Prom.
511 281 617 326 210.
650 286 698 323 et
730 279 882 323 multa
913 278 1137 323 similiter
1166 279 1292 323 dicta
1357 290 1447 322 uae
1478 233 1773 325 Wellauerus
1807 279 1868 324 ad
1901 277 2112 339 Choeph.

317 343 348 385 l.
383 355 420 385 c.
453 341 670 386 contulit.
732 339 825 385 His
858 339 1081 384 omnibus
1114 290 1380 384 communffs
1411 345 1485 383 est
1514 340 1794 398 significatio
1817 342 1967 389 animi
1983 353 2113 387 com-

320 403 440 447 moti
473 409 523 446 et
562 402 774 455 incitati,
822 401 976 459 qualis
1021 413 1126 446 esse
1166 401 1289 445 solet
1327 398 1707 458 indignantium,
1755 402 2113 457 obtestantium,

318 463 695 516 adhortantium,
729 470 777 506 ct
807 463 922 506 item
960 475 1106 506 unum
1140 475 1331 515 nomen,
1365 468 1418 506 ut
1440 460 1558 516 dixi,
1591 463 1885 522 anadiplosis
1908 465 1986 509 vel
2003 474 2114 524 epa·-

317 526 545 584 nalepsis.
608 523 737 569 Hinc
771 537 882 568 vero
917 522 1080 568 differt
1103 525 1341 582 appositio
1359 526 1807 581 comparativorum,
1840 526 2012 584 quibus
2029 526 2117 570 ali-

320 586 436 645 quid
467 586 742 630 minutatim
776 592 825 628 et
856 583 1092 642 gradatim
1135 584 1324 630 additur
1364 582 1645 629 demiturve.
1714 586 1848 631 Haec
1877 589 1931 631 in
1961 588 2113 632 latino

319 660 543 692 sermone
576 647 756 705 copula
796 653 1144 690 connectuntur
1174 647 1370 691 minus
1403 647 1745 704 minusque,
1794 649 1992 694 carior
2023 658 2114 693 ca·-

318 710 563 766 riorque
596 721 640 751 v.
668 706 823 752 Bentl.
857 707 918 751 ad
950 707 1069 751 Hor.
1104 707 1201 752 Sat.
1237 709 1415 760 16,18.
1465 706 1634 751 Graeci
1659 715 1816 752 autem
1836 710 2115 767 plerumque

320 769 554 818 dissolute
586 767 772 812 dicunt.
804 771 994 825 μᾶλλον
1010 766 1201 825 μᾶλλον
1236 765 1349 811 ἄντι
1381 770 1472 811 τοῦ
1506 765 1583 811 αἐι
1615 766 1700 811 καὶ
1729 773 1919 825 μᾶλλον
1950 769 2115 830 λέγου-

320 846 404 876 σιν
432 828 557 875 ἄνευ
589 832 682 874 τοῦ
713 826 799 874 καί
832 828 968 873 Phot.
1000 827 1149 873 πλέον
1183 828 1330 874 πλέον
1362 827 1505 873 Arist.
1539 827 1691 873 Nubb.
1714 831 1848 874 1290.
1866 830 1923 876 cf.
1942 829 2117 875 Schae—

321 894 409 936 fer.
451 890 514 935 ad
556 890 695 947 Greg.
739 892 812 934 52.
854 890 1044 947 aliaque
1084 903 1205 947 quae
1244 891 1295 934 in
1336 889 1514 934 Anecd.
1547 888 1697 934 Bekk.
1730 892 1833 935 108.
1866 892 2116 948 conjuncte

320 952 623 1011 explicantur
664 950 844 1008 μεῖζον
873 949 1075 1008 μεῖζον,
1109 949 1295 1010 μικρόν
1324 949 1531 1009 μικρόν,
1562 950 1690 1009 μίαν
1720 950 1849 1009 μίαν
1882 951 1996 997 ἀντὶ
2026 955 2118 998 τοῦ

320 1012 446 1060 κατὰ
488 1011 631 1071 μίαν.
694 1011 1050 1086 Nonnunquam
1089 1026 1203 1056 vero
1243 1013 1360 1056 haec
1398 1012 1647 1056 nominum
1697 1013 1957 1059 eorundem
2008 1025 2118 1059 con.

314 1076 504 1133 Junctio
521 1074 861 1133 superlationis
878 1075 977 1119 vim
997 1074 1204 1117 obtinet·
1237 1075 1482 1118 nimium
1509 1075 1896 1133 nimiumque,
1929 1076 2115 1120 multo

320 1136 656 1193 multoque,
713 1134 889 1192 longe
936 1134 1232 1192 longeque
1279 1134 1331 1178 id
1378 1142 1451 1178 est
1495 1135 1796 1192 longissime,
1837 1144 1893 1180 et
1937 1137 2117 1195 pariter

323 1197 493 1242 Graeci
526 1196 785 1254 vulgariter
818 1195 946 1239 docti
978 1195 1063 1239 sed
1095 1197 1200 1238 sine
1233 1195 1403 1253 copula
1438 1193 1638 1253 σφόδρα
1658 1195 1860 1254 σφόδρα
1877 1211 1964 1255 pro
1982 1197 2114 1242 πάνυ

323 1257 528 1318 σφόδρα
578 1256 733 1301 Exod.
778 1256 815 1301 Ι.
866 1258 940 1300 12.
987 1256 1169 1300 Judith.
1210 1255 1288 1300 IV.
1331 1261 1374 1300 2.
1415 1254 1563 1300 λὲπτᾶ
1605 1255 1755 1301 λεπτοὶ
1787 1257 2116 1315 κατατέμνειν

320 1317 941 1371 Tzetz.chi1.x111.37Q.

453 1379 496 1439 ξ.
530 1382 572 1423 8.
636 1376 888 1434 Synthesis
930 1377 1109 1436 duplex
1150 1384 1223 1422 est
1255 1391 1352 1421 una
1384 1390 1786 1434 synonymorum,
1832 1380 1982 1424 altera
2012 1382 2116 1425 τῶν

325 1441 509 1485 αὐτῶν.
573 1440 647 1481 De
689 1440 774 1481 illa
816 1439 921 1481 fuse
954 1446 1212 1495 arguteque
1247 1439 1493 1495 disputant
1520 1438 1856 1496 Grammatici,
1902 1453 2021 1497 quos
2054 1441 2116 1484 ad

322 1503 399 1558 Aj.
440 1500 497 1545 V.
536 1502 641 1544 254.
681 1500 851 1552 citavi,
898 1506 946 1543 et
987 1498 1143 1544 Schol.
1186 1499 1390 1557 Oppian.
1433 1500 1474 1552 1,
1516 1502 1587 1543 54.
1629 1496 1802 1544 πολλαι
1842 1499 1989 1552 λέξεις
2019 1500 2116 1547 εισὶ

324 1560 651 1623 συγκείμεναι
682 1561 736 1604 ἐκ
766 1558 1092 1620 ταύτοσημοῖν
1094 1576 1195 1604 των
1229 1560 1419 1613 λέξεων,
1451 1558 1688 1635 γήπεδον,
1722 1561 1998 1621 πρευμενής
2030 1571 2113 1607 etc.

322 1625 430 1670 EM.
465 1617 1001 1676 821,26.δ“νοπαλι’ζω
1042 1620 1139 1666 οἷπὸ
1182 1620 1276 1666 δύο
1319 1619 1645 1679 ομοιοσήμων
1686 1639 1750 1671 ως
1784 1622 2114 1681 Ἐριχθόνιος,

324 1695 373 1730 et
405 1685 489 1729 alii
517 1654 613 1728 al’ia
646 1696 707 1728 ex
743 1681 946 1727 diversis
979 1683 1096 1728 locis
1129 1682 1476 1740 generibusque
1508 1690 1816 1741 comportata.
1878 1684 1998 1730 Nam
2032 1686 2116 1745 γή-

324 1745 508 1798 πεδον,
542 1740 873 1803 ὀρῤοπύγιον,
916 1743 1172 1802 mucronem]
1213 1753 1429 1789 conserta
1462 1750 1573 1788 sunt
1603 1758 1664 1788 ex
1696 1745 1882 1790 casibus
1915 1746 2115 1793 diversis

322 1808 575 1854 nominum
609 1818 685 1849 res
719 1806 900 1849 similes
934 1813 982 1849 et
1006 1807 1299 1864 propinquas
1330 1805 1661 1859 indicantium,
1689 1805 1980 1866 λογολέσχης
2001 1822 2114 1854 vero

325 1868 455 1928 quod
486 1866 767 1912 Eustathius
794 1868 986 1924 promit,
1020 1875 1207 1911 constat
1238 1882 1264 1910 e
1291 1866 1533 1911 vocabulis
1551 1867 1766 1922 eiusdem
1785 1869 1976 1926 quidem
2008 1872 2116 1916 stir-

322 1933 399 1989 pis
432 1928 519 1973 sed
551 1928 771 1972 diversae
803 1934 966 1972 tamen
987 1930 1254 1986 potestatis,
1287 1936 1339 1971 ut
1363 1925 1693 1986 φορτοφόρος,
1714 1927 2114 1990 α’ντλιαντλητήρ,

326 2004 529 2050 quorum
562 1990 713 2033 altera
743 2002 855 2047 pars
889 2003 1066 2033 nomen
1101 1998 1186 2043 est,
1220 1991 1370 2034 altera
1398 1989 1610 2033 verbum.
1665 1990 1746 2034 Fit
1778 1991 1921 2036 etiam
1955 2000 2007 2037 ut
2037 2008 2115 2050 sy-

324 2065 460 2107 nony
462 2065 542 2094 ma
574 2050 871 2095 diversarum
906 2051 1125 2108 stirpium
1156 2051 1436 2108 copulentur
1466 2051 1645 2124 partim
1675 2065 1736 2096 ex
1757 2052 1942 2097 casibus
1972 2057 2114 2099 rectis

326 2110 688 2172 ξιφομάχαιρα,
720 2109 1008 2168 ἁρμάμαξα,
1041 2109 1400 2170 δεσμόβροχος,
1432 2108 1750 2169 λιχνόβορος,
1780 2115 2112 2172 μωρονήπιος,

324 2173 686 2231 χαυνόσομφος
727 2173 942 2216 Erotian.
985 2185 1019 2215 s.
1066 2172 1289 2234 Σκηρόν,
1341 2172 1512 2229 quibus
1554 2172 1666 2216 addi
1706 2176 1883 2231 poterit
1913 2177 2111 2222 verbum

328 2234 666 2310 ὀραυγεῒσθαι
699 2234 857 2277 clare
889 2233 1123 2288 videre,
1164 2235 1337 2291 partim
1372 2246 1432 2276 ex
1459 2240 1586 2277 recto
1621 2241 1668 2277 et
1701 2234 1893 2293 obliquo
1925 2244 1977 2281 ut
2009 2254 2111 2297 φω-

292 2351 296 2353 ⁴
327 2294 510 2358 ταυγής
542 2296 731 2354 aliaque
764 2295 890 2339 haud
922 2309 1085 2354 pauca.
1150 2295 1283 2340 Haec
1316 2300 1363 2339 et
1378 2295 1452 2339 his
1478 2296 1653 2340 similia
1670 2299 1938 2355 germanica
1969 2299 2112 2345 Erd·
2163 2300 2169 2302 ’
