2360 2956
1121 111 1154 157 5
1198 86 1200 89 ,

244 230 561 282 multiforme,
631 228 760 286 quod
809 228 1063 273 Rhetorici
1098 229 1244 274 modo
1298 228 1602 287 anadiplosin
1655 238 1826 274 vocant
1885 231 2028 273 modo

229 283 618 366 epanalepsin,
626 304 794 347 quum
833 289 919 334 id
917 289 1083 348 quod
1122 290 1305 335 semel
1346 289 1564 335 dictum
1597 298 1708 343 est,
1757 304 1869 348 quo
1900 305 2030 347 gra-

244 353 377 398 vius
409 352 511 405 sit,
538 351 798 396 iteratur
827 350 972 396 Rutil.
1003 351 1040 395 Ι.
1076 353 1150 406 11,-
1175 354 1248 396 39.
1297 350 1575 395 Eustathius
1592 358 1813 423 autemp.
1830 353 1937 402 437,
1955 355 2029 395 24.

245 413 307 458 ad
326 411 675 470 σχηματισμὸν
692 413 744 457 ἐκ
760 410 1069 470 παραλλήλου
1085 383 1253 456 ιε’ίζοῐῐ·
1271 412 1411 467 hujus
1424 414 1549 455 enim
1557 413 1742 489 species
1754 414 1795 455 si
1809 412 2031 454 subtilius

246 480 534 532 quaerantur
548 487 654 519 esse
670 481 893 530 quatuor.
911 472 964 518 αἱ
979 472 1280 549 παράλληλοι
1296 473 1482 524 λέξας’
1459 490 1488 530 ῃ
1509 471 1797 550 σύγκεινται
1819 473 1852 529 ἢ
1873 472 2030 529 παρά-

246 548 460 588 κεινται,
487 533 638 595 ἄμφω
666 532 723 577 δὲ
745 536 903 577 ταῦτα
928 532 962 591 ἢ
987 533 1039 577 ἐκ
1061 531 1360 592 ταύτότητος
1382 532 1579 612 γίνεται
1601 533 1635 592 ἢ
1657 534 1750 584 ἐξε
1723 532 2029 591 ομοιότὴτος.

242 597 324 641 Ἐκ
337 594 632 652 ταύτότητος
645 594 742 651 μὲν
758 594 1151 652 παραλληλισμός
1167 596 1221 640 ἐν
1239 594 1476 641 συνθέσει
1498 594 1593 653 μὲν
1609 594 1665 641 τὸ
1685 595 2032 668 φαυλεπίφαυ-

246 660 328 705 λος
365 671 448 700 και
486 655 543 700 τὸ
577 654 803 713 πάμπαν,
834 656 889 699 ὲν
920 655 1200 730 παραθέσει
1233 655 1289 700 δὲ
1320 655 1378 699 τὸ
1418 654 1551 700 πάνυ
1592 655 1725 701 πάνυ
1758 654 1845 700 καὶ
1877 657 2030 700 πάλαι

247 715 401 761 πάλαι
416 715 453 777 ⁸)
475 715 617 791 παρα
649 719 717 772 ’τῷ
747 720 947 774 κωμικῷ
977 714 1062 761 καὶ
1094 717 1264 761 ἔλακεν
1296 716 1435 760 ἔλακε
1467 715 1583 775 παρ’
1615 713 1884 774 Ευριπίδῃ.
1950 717 2031 761 Ἐκ

246 776 305 821 δὲ
337 775 629 834 ὁμοιότητος
662 777 716 820 ἐν
748 775 988 823 συνθέσει
1016 776 1121 834 μὲν
1143 776 1199 822 τὰ
1232 776 1469 837 γήπεδον,
1504 777 1557 821 ἐν
1578 776 1859 836 παραθέσει
1884 776 1941 821 δὲ
1973 778 2029 822 τὸ

247 836 360 887 λίαν
399 835 546 882 πάνυ.
617 837 752 882 Haec
787 841 993 896 'quatuor
1031 818 1244 941 edsdem
1285 838 1538 883 schematis
1580 839 1761 897 species
1801 838 2033 895 multipli-

247 900 363 943 citer
391 900 530 942 inter
571 912 621 942 se
661 900 917 957 perplexae
958 913 1046 943 sun
1109 907 1158 942 et
1189 900 1449 942 nonnullae
1480 900 1710 943 similium
1745 899 2030 943 dissimilem

247 960 639 1018 significationem
673 960 874 1013 habent,
914 961 1039 1003 aliae
1070 959 1328 1004 dissimiles
1361 960 1582 1004 similem.
1646 960 1862 1014 Primae,
1910 974 2032 1018 quae

245 1029 440 1065 vocatur
470 1020 750 1078 παράθεσις
780 1025 884 1065 των
916 1019 1099 1074 αὐτων,
1131 1020 1401 1079 exemplum
1436 1029 1509 1064 est
1537 1021 1681 1074 illud,
1725 1021 1854 1079 quod
1887 1021 2034 1080 Apol-

246 1083 403 1126 lonius
436 1083 585 1135 affert,
618 1079 779 1139 βαρύς
808 1081 1331 1139 fi'aov'ga'l'ragicorum
1364 1072 1525 1140 aliquo
1551 1090 1784 1134 sumtum,
1811 1097 1892 1140 qiu
1917 1095 2049 1160 prae*

246 1144 413 1186 ceteris
453 1143 542 1185 huc
581 1143 815 1186 inclinant
854 1141 932 1185 ἴθ’
973 1142 1057 1185 ι”θι
1098 1143 1292 1191 Philoct.
1337 1145 1442 1190 821
1492 1142 1584 1186 ι”τω
1626 1143 1717 1187 ι”τω
1754 1146 1888 1187 1329.
1930 1143 2030 1198 ἕλχ’

246 1203 351 1247 ε’λκε
380 1202 487 1246 Jon.
506 1205 609 1247 670.
644 1202 760 1262 σίγα
780 1199 895 1262 σίγα
927 1202 1045 1247 Hec.
1065 1204 1199 1247 1069.
1218 1201 1439 1262 ἀφικοιτ’
1474 1201 1708 1261 ἀφίκοιτο
1742 1203 1908 1248 Trach.
1925 1207 2031 1248 655.

247 1260 495 1321 δειμαίνω
529 1262 776 1320 δειμαίνω
810 1264 926 1307 Hec.
963 1266 1065 1307 176.
1099 1262 1239 1307 ολωλ’
1275 1263 1435 1308 ὀλωλα
1466 1264 1633 1311 Trach.
1670 1266 1801 1307 1144.
1836 1263 2030 1311 ἀπολεῖς

247 1323 444 1374 ἀπολεῖς
485 1326 618 1368 1007.
659 1323 899 1381 ὀλόμεσθ’
940 1322 1196 1381 ὀλόμεσθα
1239 1325 1317 1369 Or.
1357 1329 1461 1369 200.
1502 1324 1688 1369 ἔλακεν
1715 1325 1885 1369 ἔλακεν
1931 1329 2030 1369 163.

247 1384 451 1444 εἴδομεν
484 1384 689 1446 εἴδομεν
720 1385 868 1444 Hipp.
905 1387 1037 1430 1137.
1100 1385 1263 1430 Altera
1295 1394 1368 1430 est
1383 1387 1622 1444 appositio
1650 1399 2031 1443 synonymorum

246 1447 378 1491 velut
408 1438 699 1491 homericum
732 1446 884 1504 βάσκ’
918 1447 1015 1500 ἴθι,
1050 1446 1109 1489 de
1142 1461 1235 1503 quo
1269 1446 2032 1520 801ιοΙ.11.ΙΙ.8.ταυτολογιά

246 1509 383 1554 ἐστιν
415 1506 732 1566 ἐμφαίνουσα
771 1507 863 1564 τήν
904 1508 1136 1560 ἔπειξειν,
1183 1523 1266 1552 και
1310 1507 1525 1564 ἀλλαχοῦ
1569 1523 1725 1566 φησιν
1765 1508 1907 1554 ἔλθοι
1946 1524 2043 1553 και-

248 1569 428 1622 ἵκοιτο,
459 1570 559 1613 fere
591 1577 644 1612 ut
674 1569 936 1625 Aeschylus
967 1566 1069 1625 ἥκω
1103 1567 1187 1613 καὶ
1218 1567 1535 1627 κατέρχομαι.
1587 1569 1816 1625 Ejusdem
1844 1571 2031 1626 generis

248 1638 320 1673 est
394 1628 621 1689 ιγνωσκω
670 1629 866 1705 φρονέω
910 1630 998 1673 od.
1043 1628 1167 1674 XVI.
1213 1632 1313 1673 197.
1362 1631 1560 1686 ἔμαθον
1600 1628 1757 1686 ἐδάην
1796 1630 1913 1673 Hec.
1960 1634 2030 1673 74.

248 1648 680 1749 (μιοόγδοὴοΙίειεῐοε
706 1691 759 1735 ἐκ
785 1687 1093 1748 παραλλήλου
1112 1690 1289 1733 dictum
1308 1691 1389 1743 ait,
1424 1689 1513 1735 οὐκ
1545 1691 1734 1743 ἔκλυον,
1768 1690 1858 1735 οὐκ
1889 1681 2033 1748 {fatov-

249 1769 311 1797 σα
345 1753 555 1796 Phoenn.
597 1755 700 1795 947.
736 1752 884 1810 (920.)
925 1749 1090 1795 κλύειν
1126 1750 1339 1796 ἀκοῦσαι
1381 1752 1547 1796 Aesch.
1582 1750 1792 1810 Choeph
1829 1757 1870 1796 5.
1903 1753 2032 1809 quod

247 1814 591 1872 Aristophanes
615 1814 863 1858 cavillatur
881 1814 1028 1858 Rann.
1051 1815 1178 1857 1174.
1215 1812 1386 1870 οἷ’χωκ’
1423 1812 1582 1858 ὄλωλα
1616 1811 2033 1871 διαπεπόρθημαι

249 1874 393 1934 Soph.
423 1875 497 1930 AJ'.
530 1877 633 1919 896.
665 1874 717 1918 τί
748 1890 889 1933 φατε,
922 1873 972 1918 τί
1005 1874 1165 1934 λέγετε
1197 1874 1325 1931 Cycl.
1359 1876 1462 1919 210.
1493 1874 1600 1933 (sed
1631 1875 1737 1934 λέγε
1770 1874 1868 1934 λέγ’
1904 1873 2031 1934 αἶγα-

247 1939 313 1980 θε
346 1936 489 1981 Arist.
523 1937 642 1980 Eccl.
664 1938 787 1993 213.)
818 1935 991 1980 ἔννεπέ
1011 1952 1102 1992 μοι
1120 1934 1317 1994 φράσον
1336 1936 1498 1980 Bacch.
1518 1938 1590 1979 98.
1625 1936 1762 1992 quid
1795 1937 2028 2027 loquar,

405 2042 500 2050 ————=-

328 2088 425 2144 3)
477 2091 565 2131 Hoc
589 2090 768 2152 legitur
755 2103 796 2131 m
814 2091 911 2132 Eur.
928 2091 1055 2134 Rhes.
1073 2093 1161 2136 312.
1181 2088 1292 2151 (383.
1297 2090 1324 2145 ]
1350 2094 1423 2132 νῦν
1448 2093 1520 2131 νῦν
1547 2090 1661 2154 Cy.cl
1684 2092 1776 2132 337.
1804 2090 1904 2131 πότε
1930 2091 2030 2133 πότε

248 2142 366 2232 {iiii
374 2143 478 2232 ³53⁷.
488 2139 761 2232 ⁹3²3.ssssssss
779 2142 954 2233 ῗᾶθῖἓὶ
960 2142 1315 2246 ¹¹v²⁹÷1.⁶{‚⁸;¹‘¹¹‘³
1340 2142 1482 2241 {opum
1491 2141 1733 2242 πάῖἲίἶῖἔ
1747 2140 2030 2233 ’ΐέῗιῗῖΐῧῑ

1259 2190 1345 2232 ἄπα
1391 2193 1458 2232 καὶ
1481 2206 1565 2231 awa

249 2245 339 2283 831.
390 2242 521 2283 Simili
546 2241 716 2294 quodam
747 2243 861 2284 modo
888 2244 1020 2284 Latini
1048 2221 1348 2285 idemtidem.
1376 2244 1538 2284 etiam
1564 2247 1707 2295 atque
1734 2244 1900 2295 etiam,
1925 2255 2031 2304 vve·

251 2305 349 2334 rum
376 2294 495 2335 enim
526 2304 650 2333 v.er0
