<?xml version="1.0" encoding="UTF-8"?>
<!DOCTYPE html PUBLIC "-//W3C//DTD XHTML 1.0 Transitional//EN"
    "http://www.w3.org/TR/xhtml1/DTD/xhtml1-transitional.dtd">
<html xmlns="http://www.w3.org/1999/xhtml" xml:lang="en" lang="en">
 <head>
  <title>
</title>
<meta http-equiv="Content-Type" content="text/html;charset=utf-8" />
  <meta name='ocr-system' content='tesseract 3.04.00' />
  <meta name='ocr-capabilities' content='ocr_page ocr_carea ocr_par ocr_line ocrx_word'/>
</head>
<body>
  <div class='ocr_page' id='page_1' title='image "./4630386_0010.png"; bbox 0 0 2410 2892; ppageno 0'>
   <div class='ocr_carea' id='block_1_1' title="bbox 1298 83 1331 127">
    <p class='ocr_par' dir='ltr' id='par_1_1' title="bbox 1298 83 1331 127">
     <span class='ocr_line' id='line_1_1' title="bbox 1298 83 1331 127; baseline 0 0"><span class='ocrx_word' id='word_1_1' title='bbox 1298 83 1331 127; x_wconf 84' lang='lat'>4</span> 
     </span>
    </p>
   </div>
   <div class='ocr_carea' id='block_1_2' title="bbox 1192 142 1448 154">
    <p class='ocr_par' dir='ltr' id='par_1_2' title="bbox 1192 142 1448 154">
     <span class='ocr_line' id='line_1_2' title="bbox 1192 142 1448 154; baseline 0 2738"><span class='ocrx_word' id='word_1_2' title='bbox 1192 142 1448 154; x_wconf 95' lang='lat' dir='ltr'><strong> </strong></span> 
     </span>
    </p>
   </div>
   <div class='ocr_carea' id='block_1_3' title="bbox 412 201 2206 1724">
    <p class='ocr_par' dir='ltr' id='par_1_3' title="bbox 412 201 2206 1724">
     <span class='ocr_line' id='line_1_3' title="bbox 414 201 2202 263; baseline 0.002 -18"><span class='ocrx_word' id='word_1_3' title='bbox 414 203 723 261; x_wconf 84' lang='lat' dir='ltr'><strong>pleonasmos</strong></span> <span class='ocrx_word' id='word_1_4' title='bbox 755 210 838 245; x_wconf 90' lang='lat' dir='ltr'><strong>aut</strong></span> <span class='ocrx_word' id='word_1_5' title='bbox 869 203 1009 245; x_wconf 88' lang='lat' dir='ltr'><strong>metri</strong></span> <span class='ocrx_word' id='word_1_6' title='bbox 1041 215 1183 246; x_wconf 84' lang='lat' dir='ltr'><strong>causa</strong></span> <span class='ocrx_word' id='word_1_7' title='bbox 1214 202 1404 246; x_wconf 84' lang='lat' dir='ltr'><strong>admitti</strong></span> <span class='ocrx_word' id='word_1_8' title='bbox 1437 201 1552 245; x_wconf 92' lang='lat' dir='ltr'><strong>dicit</strong></span> <span class='ocrx_word' id='word_1_9' title='bbox 1581 211 1663 246; x_wconf 85' lang='lat' dir='ltr'><strong>aut</strong></span> <span class='ocrx_word' id='word_1_10' title='bbox 1694 204 1956 263; x_wconf 76' lang='grc' dir='ltr'><em>ἐμφάσεως</em></span> <span class='ocrx_word' id='word_1_11' title='bbox 1988 206 2053 255; x_wconf 74' lang='grc' dir='ltr'><strong>ὥς</strong></span> <span class='ocrx_word' id='word_1_12' title='bbox 2086 206 2202 262; x_wconf 76' lang='grc' dir='ltr'><em>δαρ-</em></span> 
     </span>
     <span class='ocr_line' id='line_1_4' title="bbox 418 261 2205 322; baseline 0.002 -16"><span class='ocrx_word' id='word_1_13' title='bbox 418 261 608 307; x_wconf 74' lang='grc' dir='ltr'><em>δάπτω.</em></span> <span class='ocrx_word' id='word_1_14' title='bbox 642 262 749 305; x_wconf 92' lang='lat' dir='ltr'><strong>Hoc</strong></span> <span class='ocrx_word' id='word_1_15' title='bbox 779 261 972 319; x_wconf 87' lang='lat' dir='ltr'><strong>quidem</strong></span> <span class='ocrx_word' id='word_1_16' title='bbox 993 270 1040 305; x_wconf 91' lang='lat' dir='ltr'><strong>et</strong></span> <span class='ocrx_word' id='word_1_17' title='bbox 1069 277 1191 320; x_wconf 91' lang='lat' dir='ltr'><strong>quae</strong></span> <span class='ocrx_word' id='word_1_18' title='bbox 1217 262 1521 322; x_wconf 87' lang='lat' dir='ltr'><strong>praecedunt,</strong></span> <span class='ocrx_word' id='word_1_19' title='bbox 1554 265 1730 320; x_wconf 89' lang='lat' dir='ltr'><strong>poetici</strong></span> <span class='ocrx_word' id='word_1_20' title='bbox 1747 268 1982 310; x_wconf 87' lang='lat' dir='ltr'><strong>sermonis</strong></span> <span class='ocrx_word' id='word_1_21' title='bbox 1998 267 2205 311; x_wconf 85' lang='lat' dir='ltr'><strong>illustra-</strong></span> 
     </span>
     <span class='ocr_line' id='line_1_5' title="bbox 416 320 2205 382; baseline 0.002 -14"><span class='ocrx_word' id='word_1_22' title='bbox 416 331 581 369; x_wconf 88' lang='lat' dir='ltr'><strong>menta</strong></span> <span class='ocrx_word' id='word_1_23' title='bbox 613 330 725 368; x_wconf 90' lang='lat' dir='ltr'><strong>sunt</strong></span> <span class='ocrx_word' id='word_1_24' title='bbox 756 322 840 366; x_wconf 90' lang='lat' dir='ltr'><strong>sed</strong></span> <span class='ocrx_word' id='word_1_25' title='bbox 873 320 1190 382; x_wconf 78' lang='grc' dir='ltr'><em>ἐλελίσφακος</em></span> <span class='ocrx_word' id='word_1_26' title='bbox 1232 323 1510 369; x_wconf 89' lang='lat' dir='ltr'><strong>vocabulum</strong></span> <span class='ocrx_word' id='word_1_27' title='bbox 1553 324 1887 381; x_wconf 84' lang='lat' dir='ltr'><strong>quotidianum</strong></span> <span class='ocrx_word' id='word_1_28' title='bbox 1929 335 1977 371; x_wconf 91' lang='lat' dir='ltr'><strong>et</strong></span> <span class='ocrx_word' id='word_1_29' title='bbox 2017 328 2205 371; x_wconf 77' lang='lat' dir='ltr'>triviale</span> 
     </span>
     <span class='ocr_line' id='line_1_6' title="bbox 417 382 2204 443; baseline 0.002 -15"><span class='ocrx_word' id='word_1_30' title='bbox 417 392 490 428; x_wconf 90' lang='lat' dir='ltr'><strong>est</strong></span> <span class='ocrx_word' id='word_1_31' title='bbox 522 391 574 427; x_wconf 88' lang='lat' dir='ltr'><strong>ut</strong></span> <span class='ocrx_word' id='word_1_32' title='bbox 604 383 903 443; x_wconf 77' lang='grc' dir='ltr'><em>γάγγραινα,</em></span> <span class='ocrx_word' id='word_1_33' title='bbox 936 382 1168 442; x_wconf 87' lang='grc' dir='ltr'><em>πασπάλη</em></span> <span class='ocrx_word' id='word_1_34' title='bbox 1204 392 1251 429; x_wconf 90' lang='lat' dir='ltr'><strong>et</strong></span> <span class='ocrx_word' id='word_1_35' title='bbox 1276 385 1371 428; x_wconf 86' lang='lat' dir='ltr'><strong>alia</strong></span> <span class='ocrx_word' id='word_1_36' title='bbox 1404 385 1534 442; x_wconf 87' lang='lat' dir='ltr'><strong>prius</strong></span> <span class='ocrx_word' id='word_1_37' title='bbox 1567 384 1815 430; x_wconf 89' lang='lat' dir='ltr'><strong>dictorum.</strong></span> <span class='ocrx_word' id='word_1_38' title='bbox 1867 385 1984 432; x_wconf 90' lang='lat' dir='ltr'><strong>Cum</strong></span> <span class='ocrx_word' id='word_1_39' title='bbox 2010 386 2204 441; x_wconf 76' lang='grc' dir='ltr'><em>ἓλελίζω</em></span> 
     </span>
     <span class='ocr_line' id='line_1_7' title="bbox 415 445 2205 506; baseline 0.002 -18"><span class='ocrx_word' id='word_1_40' title='bbox 415 446 649 503; x_wconf 83' lang='lat' dir='ltr'><strong>particula</strong></span> <span class='ocrx_word' id='word_1_41' title='bbox 681 445 890 501; x_wconf 86' lang='grc' dir='ltr'><em>προπρό,</em></span> <span class='ocrx_word' id='word_1_42' title='bbox 925 459 1066 501; x_wconf 90' lang='lat' dir='ltr'><strong>quam</strong></span> <span class='ocrx_word' id='word_1_43' title='bbox 1090 445 1437 490; x_wconf 84' lang='lat' dir='ltr'>Grammaticus</span> <span class='ocrx_word' id='word_1_44' title='bbox 1456 445 1605 489; x_wconf 87' lang='lat' dir='ltr'><strong>Paris.</strong></span> <span class='ocrx_word' id='word_1_45' title='bbox 1637 445 1668 489; x_wconf 90' lang='lat' dir='ltr'><strong>l.</strong></span> <span class='ocrx_word' id='word_1_46' title='bbox 1689 461 1727 490; x_wconf 89' lang='lat' dir='ltr'><strong>c.</strong></span> <span class='ocrx_word' id='word_1_47' title='bbox 1746 449 1961 504; x_wconf 82' lang='lat' dir='ltr'><strong>apponit,</strong></span> <span class='ocrx_word' id='word_1_48' title='bbox 1994 463 2055 493; x_wconf 85' lang='lat' dir='ltr'><strong>ex</strong></span> <span class='ocrx_word' id='word_1_49' title='bbox 2070 459 2205 506; x_wconf 85' lang='lat' dir='ltr'><strong>parte</strong></span> 
     </span>
     <span class='ocr_line' id='line_1_8' title="bbox 416 506 2201 568; baseline 0.001 -18"><span class='ocrx_word' id='word_1_50' title='bbox 416 507 578 565; x_wconf 87' lang='lat' dir='ltr'><strong>aliqua</strong></span> <span class='ocrx_word' id='word_1_51' title='bbox 610 506 835 549; x_wconf 89' lang='lat' dir='ltr'><strong>convenit</strong></span> <span class='ocrx_word' id='word_1_52' title='bbox 866 518 965 548; x_wconf 89' lang='lat' dir='ltr'><strong>non</strong></span> <span class='ocrx_word' id='word_1_53' title='bbox 1001 506 1054 549; x_wconf 91' lang='lat' dir='ltr'><strong>in</strong></span> <span class='ocrx_word' id='word_1_54' title='bbox 1086 513 1254 550; x_wconf 88' lang='lat' dir='ltr'><strong>totum.</strong></span> <span class='ocrx_word' id='word_1_55' title='bbox 1298 506 1418 552; x_wconf 87' lang='lat' dir='ltr'><strong>Nam</strong></span> <span class='ocrx_word' id='word_1_56' title='bbox 1451 506 1504 548; x_wconf 89' lang='lat' dir='ltr'><strong>in</strong></span> <span class='ocrx_word' id='word_1_57' title='bbox 1536 513 1738 564; x_wconf 84' lang='lat' dir='ltr'><strong>utroque</strong></span> <span class='ocrx_word' id='word_1_58' title='bbox 1769 508 1896 551; x_wconf 81' lang='lat' dir='ltr'><strong>facta</strong></span> <span class='ocrx_word' id='word_1_59' title='bbox 1922 517 1994 553; x_wconf 85' lang='lat' dir='ltr'><strong>est</strong></span> <span class='ocrx_word' id='word_1_60' title='bbox 2011 508 2201 568; x_wconf 88' lang='lat' dir='ltr'><strong>quidem</strong></span> 
     </span>
     <span class='ocr_line' id='line_1_9' title="bbox 415 568 2202 629; baseline 0.002 -17"><span class='ocrx_word' id='word_1_61' title='bbox 415 569 725 625; x_wconf 81' lang='lat' dir='ltr'><strong>anadiplosis,</strong></span> <span class='ocrx_word' id='word_1_62' title='bbox 757 568 844 629; x_wconf 72' lang='lat' dir='ltr'><strong>sed</strong></span> <span class='ocrx_word' id='word_1_63' title='bbox 864 569 1388 623; x_wconf 0' lang='lat' dir='ltr'><strong>„in-l1ocdictionis,pin</strong></span> <span class='ocrx_word' id='word_1_64' title='bbox 1419 568 1504 611; x_wconf 89' lang='lat' dir='ltr'><strong>illo</strong></span> <span class='ocrx_word' id='word_1_65' title='bbox 1536 569 1766 622; x_wconf 81' lang='lat' dir='ltr'><strong>syllabae,</strong></span> <span class='ocrx_word' id='word_1_66' title='bbox 1798 571 1921 613; x_wconf 90' lang='lat' dir='ltr'><strong>utin</strong></span> <span class='ocrx_word' id='word_1_67' title='bbox 1945 570 2202 628; x_wconf 85' lang='grc' dir='ltr'><em>μορμύρω,</em></span> 
     </span>
     <span class='ocr_line' id='line_1_10' title="bbox 414 627 2203 689; baseline 0.001 -17"><span class='ocrx_word' id='word_1_68' title='bbox 414 627 698 688; x_wconf 79' lang='grc' dir='ltr'><em>γάγγραινα</em></span> <span class='ocrx_word' id='word_1_69' title='bbox 734 635 782 670; x_wconf 91' lang='lat' dir='ltr'><strong>et</strong></span> <span class='ocrx_word' id='word_1_70' title='bbox 813 628 864 670; x_wconf 88' lang='lat' dir='ltr'><strong>in</strong></span> <span class='ocrx_word' id='word_1_71' title='bbox 897 629 1091 686; x_wconf 84' lang='lat' dir='ltr'><strong>proprio</strong></span> <span class='ocrx_word' id='word_1_72' title='bbox 1126 628 1299 681; x_wconf 82' lang='grc' dir='ltr'><em>Λέλεξ,</em></span> <span class='ocrx_word' id='word_1_73' title='bbox 1348 629 1389 672; x_wconf 88' lang='lat' dir='ltr'><strong>si</strong></span> <span class='ocrx_word' id='word_1_74' title='bbox 1420 628 1529 671; x_wconf 90' lang='lat' dir='ltr'><strong>huic</strong></span> <span class='ocrx_word' id='word_1_75' title='bbox 1560 629 1815 672; x_wconf 84' lang='lat' dir='ltr'><strong>antecessit</strong></span> <span class='ocrx_word' id='word_1_76' title='bbox 1844 628 1943 679; x_wconf 84' lang='grc' dir='ltr'><strong>Λέξ</strong></span> <span class='ocrx_word' id='word_1_77' title='bbox 1974 639 2027 674; x_wconf 88' lang='lat' dir='ltr'><strong>ut</strong></span> <span class='ocrx_word' id='word_1_78' title='bbox 2058 631 2203 689; x_wconf 89' lang='lat' dir='ltr'><strong>Apol·</strong></span> 
     </span>
     <span class='ocr_line' id='line_1_11' title="bbox 413 688 2205 749; baseline 0.001 -16"><span class='ocrx_word' id='word_1_79' title='bbox 413 690 574 734; x_wconf 81' lang='lat' dir='ltr'><strong>ionius</strong></span> <span class='ocrx_word' id='word_1_80' title='bbox 607 688 874 744; x_wconf 84' lang='lat' dir='ltr'><strong>significare</strong></span> <span class='ocrx_word' id='word_1_81' title='bbox 910 689 1098 732; x_wconf 89' lang='lat' dir='ltr'><strong>videtur</strong></span> <span class='ocrx_word' id='word_1_82' title='bbox 1127 690 1180 732; x_wconf 90' lang='lat' dir='ltr'><strong>in</strong></span> <span class='ocrx_word' id='word_1_83' title='bbox 1214 689 1447 746; x_wconf 82' lang='lat' dir='ltr'><strong>principio</strong></span> <span class='ocrx_word' id='word_1_84' title='bbox 1482 688 1709 744; x_wconf 84' lang='lat' dir='ltr'><strong>Syntaxis</strong></span> <span class='ocrx_word' id='word_1_85' title='bbox 1743 703 1779 732; x_wconf 94' lang='lat' dir='ltr'><strong>c.</strong></span> <span class='ocrx_word' id='word_1_86' title='bbox 1813 689 1875 733; x_wconf 90' lang='grc' dir='ltr'><strong>ΙΙ.</strong></span> <span class='ocrx_word' id='word_1_87' title='bbox 1899 693 1942 748; x_wconf 69' lang='lat'><strong>4.</strong></span> <span class='ocrx_word' id='word_1_88' title='bbox 1976 691 2058 734; x_wconf 92' lang='lat' dir='ltr'><strong>ubi</strong></span> <span class='ocrx_word' id='word_1_89' title='bbox 2090 704 2205 749; x_wconf 87' lang='lat' dir='ltr'><strong>qua-</strong></span> 
     </span>
     <span class='ocr_line' id='line_1_12' title="bbox 413 746 2204 806; baseline 0.001 -13"><span class='ocrx_word' id='word_1_90' title='bbox 413 759 523 793; x_wconf 88' lang='lat' dir='ltr'><strong>tuor</strong></span> <span class='ocrx_word' id='word_1_91' title='bbox 555 760 730 806; x_wconf 81' lang='lat' dir='ltr'><strong>genera</strong></span> <span class='ocrx_word' id='word_1_92' title='bbox 762 750 1098 805; x_wconf 78' lang='lat' dir='ltr'><strong>geminationis</strong></span> <span class='ocrx_word' id='word_1_93' title='bbox 1132 757 1398 793; x_wconf 79' lang='lat' dir='ltr'><strong>enumerat:</strong></span> <span class='ocrx_word' id='word_1_94' title='bbox 1433 750 1570 793; x_wconf 74' lang='grc' dir='ltr'><em>ἔστιν</em></span> <span class='ocrx_word' id='word_1_95' title='bbox 1602 746 1683 792; x_wconf 71' lang='grc' dir='ltr'><strong>ὅτε</strong></span> <span class='ocrx_word' id='word_1_96' title='bbox 1716 747 1794 798; x_wconf 65' lang='grc' dir='ltr'><strong>δὶς</strong></span> <span class='ocrx_word' id='word_1_97' title='bbox 1825 748 1882 794; x_wconf 75' lang='grc' dir='ltr'><strong>τὸ</strong></span> <span class='ocrx_word' id='word_1_98' title='bbox 1915 750 2037 796; x_wconf 76' lang='grc' dir='ltr'><em>αὐτὸ</em></span> <span class='ocrx_word' id='word_1_99' title='bbox 2072 768 2204 797; x_wconf 82' lang='grc' dir='ltr'><em>στοι-</em></span> 
     </span>
     <span class='ocr_line' id='line_1_13' title="bbox 413 806 2204 870; baseline 0.001 -15"><span class='ocrx_word' id='word_1_100' title='bbox 413 814 557 868; x_wconf 84' lang='grc' dir='ltr'><em>χεῖον</em></span> <span class='ocrx_word' id='word_1_101' title='bbox 579 806 1043 865; x_wconf 77' lang='grc' dir='ltr'><em>παραλαμβάνεται,</em></span> <span class='ocrx_word' id='word_1_102' title='bbox 1063 809 1284 867; x_wconf 76' lang='grc' dir='ltr'><em>ἔλλαβεν,</em></span> <span class='ocrx_word' id='word_1_103' title='bbox 1318 810 1548 853; x_wconf 76' lang='grc' dir='ltr'><em>ἔννεπεν·</em></span> <span class='ocrx_word' id='word_1_104' title='bbox 1583 808 1701 853; x_wconf 80' lang='grc' dir='ltr'><em>α’λλοί</em></span> <span class='ocrx_word' id='word_1_105' title='bbox 1721 806 1806 854; x_wconf 79' lang='grc' dir='ltr'><strong>καὶ</strong></span> <span class='ocrx_word' id='word_1_106' title='bbox 1840 810 2076 870; x_wconf 77' lang='grc' dir='ltr'><em>συλλαβή,</em></span> <span class='ocrx_word' id='word_1_107' title='bbox 2110 811 2204 857; x_wconf 81' lang='grc' dir='ltr'><strong>Λέ·</strong></span> 
     </span>
     <span class='ocr_line' id='line_1_14' title="bbox 415 868 2206 933; baseline 0.001 -17"><span class='ocrx_word' id='word_1_108' title='bbox 415 878 562 933; x_wconf 84' lang='grc' dir='ltr'><em>λεγες,</em></span> <span class='ocrx_word' id='word_1_109' title='bbox 597 872 828 928; x_wconf 79' lang='grc' dir='ltr'><em>πάμπαν·</em></span> <span class='ocrx_word' id='word_1_110' title='bbox 864 868 983 913; x_wconf 75' lang='grc' dir='ltr'><em>ἀλλὰ</em></span> <span class='ocrx_word' id='word_1_111' title='bbox 1017 869 1101 913; x_wconf 83' lang='grc' dir='ltr'><strong>καὶ</strong></span> <span class='ocrx_word' id='word_1_112' title='bbox 1135 872 1271 923; x_wconf 76' lang='grc' dir='ltr'><em>λέξις,</em></span> <span class='ocrx_word' id='word_1_113' title='bbox 1304 869 1453 914; x_wconf 73' lang='lat' dir='ltr'><strong>Maio‘</strong></span> <span class='ocrx_word' id='word_1_114' title='bbox 1490 870 1579 929; x_wconf 82' lang='grc' dir='ltr'><em>ἄγε</em></span> <span class='ocrx_word' id='word_1_115' title='bbox 1614 873 1779 915; x_wconf 79' lang='grc' dir='ltr'><em>Μοῦσα</em></span> <span class='ocrx_word' id='word_1_116' title='bbox 1811 870 1999 931; x_wconf 79' lang='grc' dir='ltr'><em>λίγεια,</em></span> <span class='ocrx_word' id='word_1_117' title='bbox 2039 871 2206 930; x_wconf 74' lang='grc' dir='ltr'><em>Βαρῦς</em></span> 
     </span>
     <span class='ocr_line' id='line_1_15' title="bbox 414 925 2204 991; baseline 0.001 -15"><span class='ocrx_word' id='word_1_118' title='bbox 414 931 578 991; x_wconf 76' lang='grc' dir='ltr'><em>βαρύς</em></span> <span class='ocrx_word' id='word_1_119' title='bbox 611 931 862 979; x_wconf 77' lang='grc' dir='ltr'><em>σύνοικος·</em></span> <span class='ocrx_word' id='word_1_120' title='bbox 907 929 1025 975; x_wconf 78' lang='grc' dir='ltr'><strong>ἀλλά</strong></span> <span class='ocrx_word' id='word_1_121' title='bbox 1060 928 1144 975; x_wconf 68' lang='grc' dir='ltr'><strong>καὶ</strong></span> <span class='ocrx_word' id='word_1_122' title='bbox 1174 930 1325 989; x_wconf 89' lang='grc' dir='ltr'><em>μέχρι</em></span> <span class='ocrx_word' id='word_1_123' title='bbox 1357 925 1504 991; x_wconf 66' lang='grc' dir='ltr'><em>λῗῖγου</em></span> <span class='ocrx_word' id='word_1_124' title='bbox 1538 930 1595 974; x_wconf 77' lang='grc' dir='ltr'><strong>τό</strong></span> <span class='ocrx_word' id='word_1_125' title='bbox 1628 937 1827 976; x_wconf 79' lang='grc' dir='ltr'><em>τοιοῦτο</em></span> <span class='ocrx_word' id='word_1_126' title='bbox 1862 932 2025 990; x_wconf 76' lang='grc' dir='ltr'><em>διήκει</em></span> <span class='ocrx_word' id='word_1_127' title='bbox 2054 934 2204 990; x_wconf 80' lang='grc' dir='ltr'><em>ἡνίκα</em></span> 
     </span>
     <span class='ocr_line' id='line_1_16' title="bbox 412 987 2204 1054; baseline 0.001 -16"><span class='ocrx_word' id='word_1_128' title='bbox 412 993 476 1038; x_wconf 82' lang='grc' dir='ltr'><strong>τοὶ</strong></span> <span class='ocrx_word' id='word_1_129' title='bbox 517 993 752 1051; x_wconf 83' lang='grc' dir='ltr'><em>εἰρημένα</em></span> <span class='ocrx_word' id='word_1_130' title='bbox 795 987 945 1042; x_wconf 77' lang='grc' dir='ltr'><em>αὖθις</em></span> <span class='ocrx_word' id='word_1_131' title='bbox 986 990 1484 1050; x_wconf 79' lang='grc' dir='ltr'><em>ἐπαναλαμβάνεται,</em></span> <span class='ocrx_word' id='word_1_132' title='bbox 1533 989 1615 1036; x_wconf 73' lang='grc' dir='ltr'><strong>ὅτε</strong></span> <span class='ocrx_word' id='word_1_133' title='bbox 1655 993 1751 1050; x_wconf 79' lang='grc' dir='ltr'><em>μὲν</em></span> <span class='ocrx_word' id='word_1_134' title='bbox 1793 992 2087 1054; x_wconf 81' lang='grc' dir='ltr'><em>ἀναγκαίως,</em></span> <span class='ocrx_word' id='word_1_135' title='bbox 2123 992 2204 1039; x_wconf 79' lang='grc' dir='ltr'><strong>ὅτε</strong></span> 
     </span>
     <span class='ocr_line' id='line_1_17' title="bbox 415 1052 2203 1115; baseline 0 -15"><span class='ocrx_word' id='word_1_136' title='bbox 415 1054 471 1100; x_wconf 75' lang='grc' dir='ltr'><strong>δὲ</strong></span> <span class='ocrx_word' id='word_1_137' title='bbox 505 1056 559 1100; x_wconf 79' lang='grc' dir='ltr'><em>ἐν</em></span> <span class='ocrx_word' id='word_1_138' title='bbox 591 1056 808 1111; x_wconf 81' lang='grc' dir='ltr'><em>παρολκῇ</em></span> <span class='ocrx_word' id='word_1_139' title='bbox 826 1054 877 1110; x_wconf 84' lang='lat'><strong>²).</strong></span> <span class='ocrx_word' id='word_1_140' title='bbox 944 1052 1169 1102; x_wconf 87' lang='lat' dir='ltr'><strong>Attamen</strong></span> <span class='ocrx_word' id='word_1_141' title='bbox 1201 1054 1358 1097; x_wconf 82' lang='lat' dir='ltr'><strong>differt</strong></span> <span class='ocrx_word' id='word_1_142' title='bbox 1390 1053 1597 1112; x_wconf 84' lang='lat' dir='ltr'><strong>aliquid;</strong></span> <span class='ocrx_word' id='word_1_143' title='bbox 1628 1055 1834 1111; x_wconf 89' lang='lat' dir='ltr'><strong>primum</strong></span> <span class='ocrx_word' id='word_1_144' title='bbox 1863 1055 1990 1113; x_wconf 87' lang='lat' dir='ltr'><strong>quod</strong></span> <span class='ocrx_word' id='word_1_145' title='bbox 2020 1060 2203 1115; x_wconf 83' lang='grc' dir='ltr'><em>γραῖνα</em></span> 
     </span>
     <span class='ocr_line' id='line_1_18' title="bbox 413 1115 2205 1173; baseline -0.001 -13"><span class='ocrx_word' id='word_1_146' title='bbox 413 1130 512 1160; x_wconf 90' lang='lat' dir='ltr'><strong>non</strong></span> <span class='ocrx_word' id='word_1_147' title='bbox 546 1116 733 1167; x_wconf 88' lang='lat' dir='ltr'><strong>dicitur,</strong></span> <span class='ocrx_word' id='word_1_148' title='bbox 769 1128 866 1156; x_wconf 88' lang='lat' dir='ltr'><strong>non</strong></span> <span class='ocrx_word' id='word_1_149' title='bbox 900 1115 1050 1169; x_wconf 85' lang='lat' dir='ltr'><strong>magis</strong></span> <span class='ocrx_word' id='word_1_150' title='bbox 1084 1128 1225 1170; x_wconf 88' lang='lat' dir='ltr'><strong>quam</strong></span> <span class='ocrx_word' id='word_1_151' title='bbox 1261 1118 1439 1172; x_wconf 83' lang='grc' dir='ltr'><em>φαῖνα,</em></span> <span class='ocrx_word' id='word_1_152' title='bbox 1470 1118 1642 1169; x_wconf 85' lang='grc' dir='ltr'><em>χαῖνα,</em></span> <span class='ocrx_word' id='word_1_153' title='bbox 1676 1115 1759 1158; x_wconf 88' lang='lat' dir='ltr'><strong>sed</strong></span> <span class='ocrx_word' id='word_1_154' title='bbox 1792 1115 1892 1162; x_wconf 75' lang='grc' dir='ltr'><strong>Λέξ</strong></span> <span class='ocrx_word' id='word_1_155' title='bbox 1925 1116 2017 1160; x_wconf 90' lang='lat' dir='ltr'><strong>dici</strong></span> <span class='ocrx_word' id='word_1_156' title='bbox 2048 1118 2205 1173; x_wconf 86' lang='lat' dir='ltr'><strong>potuit</strong></span> 
     </span>
     <span class='ocr_line' id='line_1_19' title="bbox 414 1172 2204 1236; baseline 0 -16"><span class='ocrx_word' id='word_1_157' title='bbox 414 1187 466 1221; x_wconf 86' lang='lat' dir='ltr'><strong>ut</strong></span> <span class='ocrx_word' id='word_1_158' title='bbox 497 1176 609 1232; x_wconf 82' lang='grc' dir='ltr'><em>κρέξ</em></span> <span class='ocrx_word' id='word_1_159' title='bbox 645 1190 685 1219; x_wconf 83' lang='grc' dir='ltr'><strong>ν.</strong></span> <span class='ocrx_word' id='word_1_160' title='bbox 720 1175 891 1218; x_wconf 85' lang='lat' dir='ltr'><strong>Parall.</strong></span> <span class='ocrx_word' id='word_1_161' title='bbox 928 1177 1044 1227; x_wconf 66' lang='lat'>100„</span> <span class='ocrx_word' id='word_1_162' title='bbox 1086 1174 1260 1218; x_wconf 86' lang='lat' dir='ltr'><strong>deinde</strong></span> <span class='ocrx_word' id='word_1_163' title='bbox 1303 1174 1431 1232; x_wconf 90' lang='lat' dir='ltr'><strong>quod</strong></span> <span class='ocrx_word' id='word_1_164' title='bbox 1474 1188 1594 1231; x_wconf 91' lang='lat' dir='ltr'><strong>quae</strong></span> <span class='ocrx_word' id='word_1_165' title='bbox 1635 1176 1810 1219; x_wconf 87' lang='lat' dir='ltr'><strong>usitato</strong></span> <span class='ocrx_word' id='word_1_166' title='bbox 1843 1172 2123 1236; x_wconf 80' lang='grc' dir='ltr'><em>γάγγραινα</em></span> <span class='ocrx_word' id='word_1_167' title='bbox 2157 1186 2204 1220; x_wconf 85' lang='lat' dir='ltr'><strong>et</strong></span> 
     </span>
     <span class='ocr_line' id='line_1_20' title="bbox 415 1234 2205 1293; baseline -0.001 -11"><span class='ocrx_word' id='word_1_168' title='bbox 415 1239 651 1282; x_wconf 85' lang='lat' dir='ltr'><strong>similibus</strong></span> <span class='ocrx_word' id='word_1_169' title='bbox 685 1236 852 1279; x_wconf 78' lang='lat' dir='ltr'><strong>addita</strong></span> <span class='ocrx_word' id='word_1_170' title='bbox 885 1244 958 1278; x_wconf 88' lang='lat' dir='ltr'><strong>est</strong></span> <span class='ocrx_word' id='word_1_171' title='bbox 995 1236 1203 1290; x_wconf 84' lang='lat' dir='ltr'><strong>syllaba,</strong></span> <span class='ocrx_word' id='word_1_172' title='bbox 1254 1234 1313 1278; x_wconf 83' lang='lat' dir='ltr'><strong>ad</strong></span> <span class='ocrx_word' id='word_1_173' title='bbox 1356 1235 1606 1292; x_wconf 82' lang='lat' dir='ltr'><strong>emphasin</strong></span> <span class='ocrx_word' id='word_1_174' title='bbox 1639 1238 1870 1293; x_wconf 84' lang='lat' dir='ltr'><strong>pertinet,</strong></span> <span class='ocrx_word' id='word_1_175' title='bbox 1916 1238 1968 1280; x_wconf 88' lang='lat' dir='ltr'><strong>in</strong></span> <span class='ocrx_word' id='word_1_176' title='bbox 2008 1239 2205 1281; x_wconf 86' lang='lat' dir='ltr'><strong>nomine</strong></span> 
     </span>
     <span class='ocr_line' id='line_1_21' title="bbox 414 1296 2203 1355; baseline -0.002 -11"><span class='ocrx_word' id='word_1_177' title='bbox 414 1313 528 1343; x_wconf 89' lang='lat' dir='ltr'><strong>vero</strong></span> <span class='ocrx_word' id='word_1_178' title='bbox 546 1297 787 1355; x_wconf 88' lang='lat' dir='ltr'><strong>gentilicio</strong></span> <span class='ocrx_word' id='word_1_179' title='bbox 806 1296 939 1340; x_wconf 89' lang='lat' dir='ltr'><strong>nulla</strong></span> <span class='ocrx_word' id='word_1_180' title='bbox 971 1296 1352 1353; x_wconf 82' lang='lat' dir='ltr'><strong>intelligi-potest</strong></span> <span class='ocrx_word' id='word_1_181' title='bbox 1384 1296 1743 1353; x_wconf 85' lang='lat' dir='ltr'><strong>significationis</strong></span> <span class='ocrx_word' id='word_1_182' title='bbox 1777 1298 1995 1341; x_wconf 85' lang='lat' dir='ltr'><strong>intentio.</strong></span> <span class='ocrx_word' id='word_1_183' title='bbox 2044 1297 2203 1342; x_wconf 87' lang='lat' dir='ltr'><strong>Utrin-</strong></span> 
     </span>
     <span class='ocr_line' id='line_1_22' title="bbox 414 1355 2204 1419; baseline -0.001 -15"><span class='ocrx_word' id='word_1_184' title='bbox 414 1375 506 1419; x_wconf 87' lang='lat' dir='ltr'><strong>que</strong></span> <span class='ocrx_word' id='word_1_185' title='bbox 539 1368 698 1416; x_wconf 88' lang='lat' dir='ltr'><strong>autem</strong></span> <span class='ocrx_word' id='word_1_186' title='bbox 733 1357 879 1401; x_wconf 89' lang='lat' dir='ltr'><strong>distat</strong></span> <span class='ocrx_word' id='word_1_187' title='bbox 911 1356 1191 1401; x_wconf 85' lang='lat' dir='ltr'><strong>adverbium</strong></span> <span class='ocrx_word' id='word_1_188' title='bbox 1231 1355 1443 1413; x_wconf 88' lang='grc' dir='ltr'><em>πάμπαν</em></span> <span class='ocrx_word' id='word_1_189' title='bbox 1476 1356 1534 1400; x_wconf 89' lang='lat' dir='ltr'><strong>de</strong></span> <span class='ocrx_word' id='word_1_190' title='bbox 1567 1361 1661 1414; x_wconf 86' lang='lat' dir='ltr'><strong>quo</strong></span> <span class='ocrx_word' id='word_1_191' title='bbox 1695 1365 1820 1401; x_wconf 86' lang='lat' dir='ltr'><strong>errat</strong></span> <span class='ocrx_word' id='word_1_192' title='bbox 1852 1357 1956 1401; x_wconf 89' lang='grc' dir='ltr'><strong>ΕΜ.</strong></span> <span class='ocrx_word' id='word_1_193' title='bbox 1989 1361 2093 1412; x_wconf 85' lang='grc'><em>650,</em></span> <span class='ocrx_word' id='word_1_194' title='bbox 2131 1363 2204 1404; x_wconf 83' lang='grc'><strong>22.</strong></span> 
     </span>
     <span class='ocr_line' id='line_1_23' title="bbox 416 1416 2204 1476; baseline -0.002 -11"><span class='ocrx_word' id='word_1_195' title='bbox 416 1416 516 1465; x_wconf 82' lang='grc' dir='ltr'><em>πᾶν</em></span> <span class='ocrx_word' id='word_1_196' title='bbox 549 1418 672 1464; x_wconf 69' lang='grc' dir='ltr'><em>κατὰ</em></span> <span class='ocrx_word' id='word_1_197' title='bbox 709 1416 1084 1474; x_wconf 74' lang='grc' dir='ltr'><em>διπλασιασμὸν</em></span> <span class='ocrx_word' id='word_1_198' title='bbox 1126 1416 1351 1474; x_wconf 83' lang='grc' dir='ltr'><em>πάμπαν.</em></span> <span class='ocrx_word' id='word_1_199' title='bbox 1404 1418 1461 1461; x_wconf 88' lang='lat' dir='ltr'><strong>Id</strong></span> <span class='ocrx_word' id='word_1_200' title='bbox 1495 1419 1621 1461; x_wconf 86' lang='lat' dir='ltr'><strong>enim</strong></span> <span class='ocrx_word' id='word_1_201' title='bbox 1657 1420 1968 1476; x_wconf 84' lang='lat' dir='ltr'><strong>compositum</strong></span> <span class='ocrx_word' id='word_1_202' title='bbox 2001 1433 2119 1472; x_wconf 87' lang='lat' dir='ltr'><strong>esse,</strong></span> <span class='ocrx_word' id='word_1_203' title='bbox 2150 1428 2204 1462; x_wconf 84' lang='lat' dir='ltr'><strong>ut</strong></span> 
     </span>
     <span class='ocr_line' id='line_1_24' title="bbox 415 1476 2205 1538; baseline -0.002 -11"><span class='ocrx_word' id='word_1_204' title='bbox 415 1484 630 1538; x_wconf 85' lang='grc' dir='ltr'><em>πρόπαν,</em></span> <span class='ocrx_word' id='word_1_205' title='bbox 665 1480 864 1530; x_wconf 72' lang='grc' dir='ltr'><em>ἐπίπαν,</em></span> <span class='ocrx_word' id='word_1_206' title='bbox 900 1476 1102 1535; x_wconf 80' lang='grc' dir='ltr'><em>σύμπαν</em></span> <span class='ocrx_word' id='word_1_207' title='bbox 1137 1486 1185 1521; x_wconf 92' lang='lat' dir='ltr'><strong>et</strong></span> <span class='ocrx_word' id='word_1_208' title='bbox 1216 1486 1435 1522; x_wconf 88' lang='lat' dir='ltr'><strong>accentus</strong></span> <span class='ocrx_word' id='word_1_209' title='bbox 1468 1478 1647 1522; x_wconf 87' lang='lat' dir='ltr'><strong>indicat</strong></span> <span class='ocrx_word' id='word_1_210' title='bbox 1680 1487 1727 1522; x_wconf 88' lang='lat' dir='ltr'><strong>et</strong></span> <span class='ocrx_word' id='word_1_211' title='bbox 1760 1479 1968 1524; x_wconf 88' lang='lat' dir='ltr'><strong>brevitas</strong></span> <span class='ocrx_word' id='word_1_212' title='bbox 1993 1481 2205 1532; x_wconf 83' lang='lat' dir='ltr'><strong>ultimae,</strong></span> 
     </span>
     <span class='ocr_line' id='line_1_25' title="bbox 414 1538 2203 1601; baseline -0.002 -14"><span class='ocrx_word' id='word_1_213' title='bbox 414 1557 569 1601; x_wconf 86' lang='lat' dir='ltr'><strong>neque</strong></span> <span class='ocrx_word' id='word_1_214' title='bbox 604 1550 767 1584; x_wconf 80' lang='lat' dir='ltr'><strong>tamen</strong></span> <span class='ocrx_word' id='word_1_215' title='bbox 800 1540 867 1583; x_wconf 87' lang='lat' dir='ltr'><strong>sic</strong></span> <span class='ocrx_word' id='word_1_216' title='bbox 898 1546 950 1582; x_wconf 92' lang='lat' dir='ltr'><strong>ut</strong></span> <span class='ocrx_word' id='word_1_217' title='bbox 982 1539 1097 1583; x_wconf 88' lang='lat' dir='ltr'><strong>haec</strong></span> <span class='ocrx_word' id='word_1_218' title='bbox 1130 1552 1190 1583; x_wconf 86' lang='lat' dir='ltr'><strong>ex</strong></span> <span class='ocrx_word' id='word_1_219' title='bbox 1223 1539 1407 1582; x_wconf 89' lang='lat' dir='ltr'><strong>duobus</strong></span> <span class='ocrx_word' id='word_1_220' title='bbox 1440 1538 1642 1583; x_wconf 88' lang='lat' dir='ltr'><strong>diversis</strong></span> <span class='ocrx_word' id='word_1_221' title='bbox 1667 1541 1980 1597; x_wconf 88' lang='lat' dir='ltr'><strong>compositum</strong></span> <span class='ocrx_word' id='word_1_222' title='bbox 2001 1549 2086 1592; x_wconf 87' lang='lat' dir='ltr'><strong>est,</strong></span> <span class='ocrx_word' id='word_1_223' title='bbox 2119 1541 2203 1584; x_wconf 86' lang='lat' dir='ltr'><strong>sed</strong></span> 
     </span>
     <span class='ocr_line' id='line_1_26' title="bbox 414 1599 2205 1658; baseline -0.003 -10"><span class='ocrx_word' id='word_1_224' title='bbox 414 1620 473 1648; x_wconf 78' lang='lat' dir='ltr'><strong>ex</strong></span> <span class='ocrx_word' id='word_1_225' title='bbox 506 1603 679 1651; x_wconf 87' lang='lat' dir='ltr'><strong>iisdem</strong></span> <span class='ocrx_word' id='word_1_226' title='bbox 716 1604 817 1643; x_wconf 75' lang='grc' dir='ltr'><em>πᾶν</em></span> <span class='ocrx_word' id='word_1_227' title='bbox 850 1604 974 1651; x_wconf 82' lang='grc' dir='ltr'><em>πᾶν,</em></span> <span class='ocrx_word' id='word_1_228' title='bbox 1024 1607 1272 1656; x_wconf 89' lang='lat' dir='ltr'><strong>totumque</strong></span> <span class='ocrx_word' id='word_1_229' title='bbox 1312 1599 1400 1643; x_wconf 87' lang='lat' dir='ltr'><strong>hoc</strong></span> <span class='ocrx_word' id='word_1_230' title='bbox 1440 1599 1717 1643; x_wconf 87' lang='lat' dir='ltr'><strong>adverbium</strong></span> <span class='ocrx_word' id='word_1_231' title='bbox 1763 1614 1859 1643; x_wconf 89' lang='lat' dir='ltr'><strong>non</strong></span> <span class='ocrx_word' id='word_1_232' title='bbox 1894 1600 1954 1644; x_wconf 87' lang='lat' dir='ltr'><strong>ad</strong></span> <span class='ocrx_word' id='word_1_233' title='bbox 1987 1602 2205 1658; x_wconf 81' lang='lat' dir='ltr'><strong>patholo-</strong></span> 
     </span>
     <span class='ocr_line' id='line_1_27' title="bbox 413 1660 2203 1724; baseline 0.001 -20"><span class='ocrx_word' id='word_1_234' title='bbox 413 1667 539 1724; x_wconf 83' lang='lat' dir='ltr'><strong>giam</strong></span> <span class='ocrx_word' id='word_1_235' title='bbox 574 1663 785 1722; x_wconf 72' lang='lat' dir='ltr'><strong>pertinet</strong></span> <span class='ocrx_word' id='word_1_236' title='bbox 826 1660 908 1704; x_wconf 88' lang='lat' dir='ltr'><strong>sed</strong></span> <span class='ocrx_word' id='word_1_237' title='bbox 952 1660 1013 1703; x_wconf 88' lang='lat' dir='ltr'><strong>ad</strong></span> <span class='ocrx_word' id='word_1_238' title='bbox 1057 1660 1476 1717; x_wconf 79' lang='lat' dir='ltr'><strong>schematologiam</strong></span> <span class='ocrx_word' id='word_1_239' title='bbox 1510 1669 1557 1702; x_wconf 89' lang='lat' dir='ltr'><strong>et</strong></span> <span class='ocrx_word' id='word_1_240' title='bbox 1590 1660 1783 1718; x_wconf 87' lang='lat' dir='ltr'><strong>quidem</strong></span> <span class='ocrx_word' id='word_1_241' title='bbox 1817 1661 1876 1704; x_wconf 80' lang='lat' dir='ltr'><strong>ad</strong></span> <span class='ocrx_word' id='word_1_242' title='bbox 1908 1662 2026 1705; x_wconf 84' lang='lat' dir='ltr'><strong>illud</strong></span> <span class='ocrx_word' id='word_1_243' title='bbox 2057 1677 2203 1718; x_wconf 80' lang='lat' dir='ltr'><strong>genus</strong></span> 
     </span>
    </p>
   </div>
   <div class='ocr_carea' id='block_1_4' title="bbox 416 1767 638 1776">
    <p class='ocr_par' dir='ltr' id='par_1_4' title="bbox 416 1767 638 1776">
     <span class='ocr_line' id='line_1_28' title="bbox 416 1767 638 1776; baseline 0 1116"><span class='ocrx_word' id='word_1_244' title='bbox 416 1767 638 1776; x_wconf 95' lang='lat' dir='ltr'><strong> </strong></span> 
     </span>
    </p>
   </div>
   <div class='ocr_carea' id='block_1_5' title="bbox 410 1805 2202 2273">
    <p class='ocr_par' dir='ltr' id='par_1_5' title="bbox 410 1805 2202 2198">
     <span class='ocr_line' id='line_1_29' title="bbox 411 1805 2202 1913; baseline -0.003 -13"><span class='ocrx_word' id='word_1_245' title='bbox 411 1821 487 1900; x_wconf 66' lang='lat'>¹331}</span> <span class='ocrx_word' id='word_1_246' title='bbox 510 1805 1275 1913; x_wconf 49' lang='lat' dir='ltr'><strong>ssffiffsscfflssmkssfflgfiffhmot,⁶511}</strong></span> <span class='ocrx_word' id='word_1_247' title='bbox 1300 1821 1327 1894; x_wconf 85' lang='lat'><strong>.‘</strong></span> <span class='ocrx_word' id='word_1_248' title='bbox 1337 1805 1584 1913; x_wconf 52' lang='lat' dir='ltr'><strong>mm</strong></span> <span class='ocrx_word' id='word_1_249' title='bbox 1584 1805 1728 1894; x_wconf 50' lang='lat' dir='ltr'><strong>&#39;2522ss</strong></span> <span class='ocrx_word' id='word_1_250' title='bbox 1736 1805 1939 1898; x_wconf 54' lang='lat' dir='ltr'><strong>{351¹ss</strong></span> <span class='ocrx_word' id='word_1_251' title='bbox 1977 1805 2202 1895; x_wconf 50' lang='lat' dir='ltr'><strong>{iffiffsffiff</strong></span> 
     </span>
     <span class='ocr_line' id='line_1_30' title="bbox 412 1903 2201 1968; baseline -0.001 -21"><span class='ocrx_word' id='word_1_252' title='bbox 412 1921 507 1949; x_wconf 88' lang='lat' dir='ltr'><strong>vum</strong></span> <span class='ocrx_word' id='word_1_253' title='bbox 531 1921 582 1946; x_wconf 79' lang='grc' dir='ltr'><strong>πε</strong></span> <span class='ocrx_word' id='word_1_254' title='bbox 609 1907 756 1968; x_wconf 70' lang='grc' dir='ltr'><em>ιαμφίς</em></span> <span class='ocrx_word' id='word_1_255' title='bbox 779 1904 1102 1945; x_wconf 80' lang='lat' dir='ltr'><strong>circumactio</strong></span> <span class='ocrx_word' id='word_1_256' title='bbox 1134 1905 1253 1944; x_wconf 81' lang='lat' dir='ltr'><strong>finxit</strong></span> <span class='ocrx_word' id='word_1_257' title='bbox 1275 1905 1448 1956; x_wconf 75' lang='lat' dir='ltr'><strong>Eupolis</strong></span> <span class='ocrx_word' id='word_1_258' title='bbox 1475 1903 1659 1954; x_wconf 83' lang='lat' dir='ltr'><strong>exemplo</strong></span> <span class='ocrx_word' id='word_1_259' title='bbox 1677 1904 1799 1944; x_wconf 88' lang='lat' dir='ltr'><strong>nullo.</strong></span> <span class='ocrx_word' id='word_1_260' title='bbox 1852 1903 2004 1944; x_wconf 74' lang='lat' dir='ltr'><strong>Crebra</strong></span> <span class='ocrx_word' id='word_1_261' title='bbox 2019 1915 2117 1944; x_wconf 82' lang='lat' dir='ltr'><strong>vero</strong></span> <span class='ocrx_word' id='word_1_262' title='bbox 2134 1909 2201 1945; x_wconf 87' lang='lat' dir='ltr'><strong>est</strong></span> 
     </span>
     <span class='ocr_line' id='line_1_31' title="bbox 410 1921 2195 2013; baseline -0.004 -13"><span class='ocrx_word' id='word_1_263' title='bbox 410 1969 501 2000; x_wconf 86' lang='lat' dir='ltr'><strong>com</strong></span> <span class='ocrx_word' id='word_1_264' title='bbox 528 1921 645 2003; x_wconf 47' lang='lat' dir='ltr'><strong>osizio</strong></span> <span class='ocrx_word' id='word_1_265' title='bbox 672 1954 1041 2009; x_wconf 79' lang='grc' dir='ltr'><em>αμφιπερικτιόνες,</em></span> <span class='ocrx_word' id='word_1_266' title='bbox 1067 1957 1322 2006; x_wconf 78' lang='grc' dir='ltr'><em>περιαμπέχω</em></span> <span class='ocrx_word' id='word_1_267' title='bbox 1349 1957 1425 1995; x_wconf 86' lang='lat' dir='ltr'><strong>etc.</strong></span> <span class='ocrx_word' id='word_1_268' title='bbox 1471 1952 1537 1992; x_wconf 85' lang='grc' dir='ltr'><strong>Ἐκ</strong></span> <span class='ocrx_word' id='word_1_269' title='bbox 1551 1954 1639 2012; x_wconf 34' lang='lat' dir='ltr'><strong>‘rofa</strong></span> <span class='ocrx_word' id='word_1_270' title='bbox 1653 1950 1782 2013; x_wconf 70' lang='grc' dir='ltr'><em>πάρος</em></span> <span class='ocrx_word' id='word_1_271' title='bbox 1797 1951 2002 2013; x_wconf 62' lang='grc' dir='ltr'><em>πάροιθεν</em></span> <span class='ocrx_word' id='word_1_272' title='bbox 2021 1956 2089 1992; x_wconf 88' lang='grc' dir='ltr'><strong>καί</strong></span> <span class='ocrx_word' id='word_1_273' title='bbox 2103 1953 2195 1993; x_wconf 83' lang='grc' dir='ltr'><em>κατ’</em></span> 
     </span>
     <span class='ocr_line' id='line_1_32' title="bbox 412 2002 2201 2065; baseline -0.002 -18"><span class='ocrx_word' id='word_1_274' title='bbox 412 2007 491 2048; x_wconf 83' lang='grc' dir='ltr'><strong>ἀνα</strong></span> <span class='ocrx_word' id='word_1_275' title='bbox 518 2004 792 2056; x_wconf 83' lang='grc' dir='ltr'><em>ιπλασιασμὸν</em></span> <span class='ocrx_word' id='word_1_276' title='bbox 821 2002 1108 2057; x_wconf 76' lang='grc' dir='ltr'><em>προπάροιθεν</em></span> <span class='ocrx_word' id='word_1_277' title='bbox 1139 2003 1243 2044; x_wconf 72' lang='lat' dir='ltr'><strong>oud.</strong></span> <span class='ocrx_word' id='word_1_278' title='bbox 1267 2006 1358 2056; x_wconf 75' lang='lat'><strong>481,</strong></span> <span class='ocrx_word' id='word_1_279' title='bbox 1392 2006 1457 2043; x_wconf 74' lang='lat'><strong>4⁷.</strong></span> <span class='ocrx_word' id='word_1_280' title='bbox 1493 2015 1562 2055; x_wconf 84' lang='lat' dir='ltr'><strong>qm</strong></span> <span class='ocrx_word' id='word_1_281' title='bbox 1595 2002 1954 2054; x_wconf 74' lang='lat' dir='ltr'><strong>anadiplosiasmus</strong></span> <span class='ocrx_word' id='word_1_282' title='bbox 1983 2006 2115 2065; x_wconf 68' lang='lat' dir='ltr'><strong>magis</strong></span> <span class='ocrx_word' id='word_1_283' title='bbox 2147 2005 2201 2044; x_wconf 74' lang='lat' dir='ltr'><strong>ad</strong></span> 
     </span>
     <span class='ocr_line' id='line_1_33' title="bbox 413 2052 2199 2113; baseline -0.002 -15"><span class='ocrx_word' id='word_1_284' title='bbox 413 2058 616 2099; x_wconf 89' lang='lat' dir='ltr'><strong>notionem</strong></span> <span class='ocrx_word' id='word_1_285' title='bbox 647 2056 823 2108; x_wconf 81' lang='lat' dir='ltr'><strong>pertinet</strong></span> <span class='ocrx_word' id='word_1_286' title='bbox 847 2065 965 2106; x_wconf 80' lang='lat' dir='ltr'><strong>quam</strong></span> <span class='ocrx_word' id='word_1_287' title='bbox 989 2053 1042 2094; x_wconf 81' lang='lat' dir='ltr'><strong>ad</strong></span> <span class='ocrx_word' id='word_1_288' title='bbox 1066 2064 1231 2112; x_wconf 43' lang='lat' dir='ltr'><strong>vocem..</strong></span> <span class='ocrx_word' id='word_1_289' title='bbox 1272 2052 1345 2094; x_wconf 84' lang='lat' dir='ltr'><strong>Sic</strong></span> <span class='ocrx_word' id='word_1_290' title='bbox 1375 2054 1497 2094; x_wconf 81' lang='lat' dir='ltr'><strong>etiam</strong></span> <span class='ocrx_word' id='word_1_291' title='bbox 1528 2052 1741 2113; x_wconf 77' lang='grc' dir='ltr'><em>προπρεών</em></span> <span class='ocrx_word' id='word_1_292' title='bbox 1773 2056 1815 2095; x_wconf 89' lang='lat' dir='ltr'><strong>et</strong></span> <span class='ocrx_word' id='word_1_293' title='bbox 1845 2066 2075 2112; x_wconf 63' lang='lat' dir='ltr'><strong>aponqnypg</strong></span> <span class='ocrx_word' id='word_1_294' title='bbox 2098 2065 2199 2094; x_wconf 88' lang='lat' dir='ltr'><strong>con-</strong></span> 
     </span>
     <span class='ocr_line' id='line_1_34' title="bbox 411 2102 2200 2198; baseline -0.003 -50"><span class='ocrx_word' id='word_1_295' title='bbox 411 2110 609 2198; x_wconf 54' lang='lat' dir='ltr'><strong>stgiltffiex</strong></span> <span class='ocrx_word' id='word_1_296' title='bbox 643 2105 876 2156; x_wconf 86' lang='lat' dir='ltr'><strong>synonymis</strong></span> <span class='ocrx_word' id='word_1_297' title='bbox 908 2103 1086 2154; x_wconf 85' lang='lat' dir='ltr'><strong>ejusdem</strong></span> <span class='ocrx_word' id='word_1_298' title='bbox 1117 2108 1274 2158; x_wconf 72' lang='lat' dir='ltr'><strong>stitp153</strong></span> <span class='ocrx_word' id='word_1_299' title='bbox 1316 2102 1478 2156; x_wconf 81' lang='grc' dir='ltr'><em>πρόπαρ</em></span> <span class='ocrx_word' id='word_1_300' title='bbox 1501 2107 1545 2144; x_wconf 90' lang='lat' dir='ltr'><strong>et</strong></span> <span class='ocrx_word' id='word_1_301' title='bbox 1569 2104 1864 2156; x_wconf 44' lang='lat' dir='ltr'><strong>npoapoffiaex</strong></span> <span class='ocrx_word' id='word_1_302' title='bbox 1893 2103 2041 2143; x_wconf 77' lang='lat' dir='ltr'><strong>effabili</strong></span> <span class='ocrx_word' id='word_1_303' title='bbox 2066 2108 2108 2143; x_wconf 89' lang='lat' dir='ltr'><strong>et</strong></span> <span class='ocrx_word' id='word_1_304' title='bbox 2133 2105 2200 2143; x_wconf 84' lang='lat' dir='ltr'><strong>in-</strong></span> 
     </span>
    </p>

    <p class='ocr_par' dir='ltr' id='par_1_6' title="bbox 539 2214 2200 2273">
     <span class='ocr_line' id='line_1_35' title="bbox 539 2214 2200 2273; baseline -0.003 -14"><span class='ocrx_word' id='word_1_305' title='bbox 539 2215 594 2273; x_wconf 75' lang='lat'><strong>2)</strong></span> <span class='ocrx_word' id='word_1_306' title='bbox 646 2216 824 2257; x_wconf 82' lang='lat' dir='ltr'><strong>Rutilius</strong></span> <span class='ocrx_word' id='word_1_307' title='bbox 849 2215 883 2268; x_wconf 82' lang='lat'><strong>1,</strong></span> <span class='ocrx_word' id='word_1_308' title='bbox 915 2218 972 2255; x_wconf 83' lang='lat'><strong>11.</strong></span> <span class='ocrx_word' id='word_1_309' title='bbox 1001 2216 1065 2255; x_wconf 77' lang='lat'><strong>39.</strong></span> <span class='ocrx_word' id='word_1_310' title='bbox 1091 2217 1412 2269; x_wconf 81' lang='lat' dir='ltr'><strong>anadiplosis</strong></span> <span class='ocrx_word' id='word_1_311' title='bbox 1438 2215 1687 2256; x_wconf 85' lang='lat' dir='ltr'><strong>interdum</strong></span> <span class='ocrx_word' id='word_1_312' title='bbox 1712 2214 1889 2262; x_wconf 10' lang='lat' dir='ltr'><strong>fitssuno</strong></span> <span class='ocrx_word' id='word_1_313' title='bbox 1918 2215 2086 2267; x_wconf 76' lang='lat' dir='ltr'><strong>verbo,</strong></span> <span class='ocrx_word' id='word_1_314' title='bbox 2122 2216 2200 2254; x_wconf 87' lang='lat' dir='ltr'><strong>in-</strong></span> 
     </span>
    </p>
   </div>
   <div class='ocr_carea' id='block_1_6' title="bbox 412 2266 1535 2321">
    <p class='ocr_par' dir='ltr' id='par_1_7' title="bbox 412 2266 1535 2321">
     <span class='ocr_line' id='line_1_36' title="bbox 412 2266 1535 2321; baseline -0.004 -9"><span class='ocrx_word' id='word_1_315' title='bbox 412 2270 600 2312; x_wconf 83' lang='lat' dir='ltr'><strong>terdum</strong></span> <span class='ocrx_word' id='word_1_316' title='bbox 626 2266 840 2321; x_wconf 82' lang='lat' dir='ltr'><strong>plurium</strong></span> <span class='ocrx_word' id='word_1_317' title='bbox 863 2266 1128 2307; x_wconf 86' lang='lat' dir='ltr'><strong>verborum</strong></span> <span class='ocrx_word' id='word_1_318' title='bbox 1159 2268 1535 2318; x_wconf 88' lang='lat' dir='ltr'><strong>conjunctione.</strong></span> 
     </span>
    </p>
   </div>
  </div>
 </body>
</html>
